4732 6090
390 387 497 442 mu
1066 355 1308 436 buroducto

392 569 652 675 quentissimae
681 567 838 642 maxime
864 560 1179 641 commendandae
1204 565 1296 658 sint,
1329 560 1392 657 fit,
1425 564 1457 639 si
1480 588 1553 668 pro
1578 564 1780 641 maioribus
1804 564 1920 670 ipsius
1944 563 1983 641 η’

390 695 579 776 valoribus
604 711 726 772 totum
750 696 959 797 negotium,
987 695 1095 768 sicuti
1120 690 1423 768 antecedentibus
1447 690 1619 786 vidimus,
1654 695 1695 768 in
1718 693 1827 797 plura
1851 689 1982 768 subdi·

390 823 541 917 viditur,
567 837 612 898 ut
636 819 793 897 totidem
818 835 952 924 sponte
977 845 1018 896 se
1038 820 1198 896 offerant
1220 817 1501 913 verificationes,
1531 846 1625 923 quae
1647 822 1679 895 si
1696 845 1860 896 emonem
1877 844 1983 895 com·

390 955 541 1028 missum
565 964 740 1052 arguunt,
774 963 916 1022 tantum
941 973 1026 1052 pars
1051 952 1180 1051 exigua
1205 946 1339 1023 calculi
1369 946 1571 1051 repetenda
1601 950 1685 1023 erit.
1739 947 1838 1023 Fieri
1867 950 1983 1022 etiam

389 1093 526 1184 potest,
554 1092 599 1152 ut
623 1074 839 1152 caludaton
863 1073 973 1150 firmo
1000 1090 1037 1151 et
1062 1078 1262 1150 exercitato
1287 1072 1481 1150 molestior
1504 1079 1551 1150 sit
1576 1077 1773 1150 continuus
1798 1073 1862 1149 ille
1879 1089 1983 1149 tran·

388 1207 478 1281 situs
504 1229 550 1281 ex
575 1204 690 1279 altera
715 1201 1004 1278 columnarumI
1029 1216 1067 1277 et
1091 1203 1130 1276 11
1155 1201 1201 1277 ad
1228 1200 1396 1296 alteram,
1424 1229 1537 1306 quam
1560 1201 1686 1278 faciles
1702 1200 1983 1304 multiplicatio·

389 1357 456 1410 nes
481 1348 520 1409 et
544 1329 756 1423 divisiones,
787 1355 882 1433 quae
910 1327 955 1404 ad
981 1328 1126 1404 residua
1151 1344 1378 1434 potestatum
1403 1333 1687 1405 successivamm
1711 1325 1903 1404 formanda
1920 1353 1982 1404 re·

390 1463 600 1565 quiruntur.
654 1455 731 1534 Sed
756 1460 796 1533 in
821 1457 879 1534 his
903 1459 1015 1533 rebus
1041 1456 1133 1532 alius
1165 1456 1273 1531 aliam
1303 1460 1400 1534 viam
1424 1456 1612 1561 praeferre
1636 1472 1782 1560 potest3
1822 1481 1892 1559 ego
1917 1453 1985 1533 hic
2017 1500 2020 1505 ·

391 1613 472 1664 eam
499 1610 685 1690 exponere
710 1584 827 1678 volui,
857 1611 931 1688 qua
954 1584 1103 1660 tabulae
1128 1609 1258 1688 reapse
1284 1582 1484 1660 calculatae
1509 1598 1608 1659 sunt.
1664 1581 1771 1678 Quae
1794 1585 1841 1658 ab
1860 1585 1983 1658 omni·

389 1715 459 1791 bus
484 1714 746 1791 tentaminibus
770 1711 889 1788 libera
915 1728 970 1788 est
995 1729 1107 1816 atque
1132 1711 1278 1788 nullum
1304 1726 1368 1787 aut
1392 1711 1470 1788 fere
1496 1710 1641 1788 nullum
1664 1708 1984 1813 multiplicationis

388 1857 451 1918 aut
476 1837 664 1918 divisionis
686 1855 750 1915 aut
771 1842 1031 1916 subtractionis
1053 1857 1116 1916 aut
1132 1837 1332 1917 additionis
1347 1842 1538 1943 negotium
1559 1842 1694 1942 poscit,
1723 1834 1788 1912 sed
1805 1852 1885 1914 tota
1902 1836 1984 1914 fere

389 1972 557 2045 innititur
575 1971 751 2043 continua
769 1966 834 2042 illa
855 1966 1142 2042 columnaruml
1161 1985 1199 2043 et
1217 1967 1257 2040 Π
1275 1965 1536 2071 applicatione,
1567 1992 1722 2069 quarum
1743 1980 1780 2040 et
1803 1963 1982 2040 formatio

389 2111 426 2172 et
459 2094 659 2200 applicatio
689 2092 745 2169 nil
776 2110 831 2170 est
861 2097 930 2169 nisi
965 2091 1138 2170 datorum
1170 2120 1410 2169 numerorum
1441 2090 1644 2169 secundum
1675 2090 1983 2197 simplicissimam

388 2221 551 2326 regulam
570 2219 778 2327 dispositio.
821 2218 905 2317 Qua
924 2219 1029 2298 dere
1052 2221 1134 2297 fieri
1150 2224 1287 2328 potuit,
1314 2237 1358 2297 ut
1374 2219 1490 2298 homo
1508 2235 1711 2312 accuratus,
1740 2220 1982 2295 subcenturio

386 2349 607 2427 ballistarius
627 2347 1167 2455 (Kanomisr·Umcrchizc'cr),
1195 2352 1347 2425 nomine
1372 2348 1569 2434 Kroemm,
1595 2350 1660 2451 qui
1684 2362 1772 2450 post
1797 2343 1982 2450 stipendis

388 2479 516 2552 merita
539 2477 681 2552 scribae
703 2477 845 2553 vicibus
865 2479 1001 2580 passim
1017 2475 1251 2579 fungebatur,
1280 2475 1327 2551 ad
1352 2473 1449 2551 hanc
1473 2473 1683 2550 tabularum
1708 2472 1984 2550 confectionem

387 2607 599 2695 instructus,
630 2605 770 2705 optime
797 2617 835 2678 et
858 2603 965 2680 brevi
989 2618 1159 2705 tempore
1185 2618 1307 2678 totum
1331 2605 1523 2706 negotium
1548 2600 1772 2678 absolveret.

527 2727 720 2804 Lubenter
736 2727 870 2822 fateor,
893 2726 985 2803 mihi
1001 2726 1318 2804 Burekbordr‘ono
1334 2729 1463 2805 labore
1480 2731 1586 2804 initio
1604 2727 1712 2803 huius
1728 2723 1982 2802 Introductio-

386 2860 443 2933 nis
470 2853 657 2949 exhibito,
695 2858 760 2958 qui
789 2858 871 2932 viro
896 2856 1207 2959 praestantissimo
1233 2870 1376 2931 tantum
1402 2852 1448 2930 ad
1474 2858 1644 2959 paginam
1670 2850 1896 2958 implendam
1922 2856 1982 2929 in·

387 2983 583 3076 serviebat,
613 2980 660 3058 ad
686 2986 1001 3059 constructionem
1023 2980 1251 3077 tabularum,
1282 3009 1372 3086 quas
1398 2985 1471 3056 iam
1496 2987 1535 3057 in
1560 2981 1753 3086 publicum
1779 2979 1872 3074 edo,
1901 2983 1984 3056 ani·

387 3138 489 3185 mum
523 3109 661 3185 lactum
695 3135 787 3185 esse.
841 3109 937 3185 Nam
971 3105 1074 3213 quod
1109 3136 1130 3184 a
1161 3106 1401 3185 conficiendis
1434 3109 1569 3185 tabulis
1601 3112 1758 3183 maxime
1792 3105 1982 3204 deterrere

385 3241 568 3343 potuisset
592 3239 782 3338 negotium
808 3252 851 3311 ut
875 3235 1064 3340 prolixum
1090 3252 1127 3311 et
1150 3239 1345 3329 incertum,
1375 3239 1627 3340 praecursoria
1645 3233 1829 3339 indagatio
1846 3233 1983 3312 radicis

384 3366 607 3467 primitivae,
640 3388 735 3464 quae
760 3361 946 3437 methodis
971 3362 1083 3466 vulgo
1109 3366 1207 3438 notis
1234 3378 1318 3437 ante
1341 3367 1464 3438 omnia
1480 3362 1751 3467 postulabatur,
1779 3360 1818 3436 id
1835 3361 1983 3437 Burelr·

387 3487 578 3565 hordiuno
602 3488 729 3564 tabula
754 3491 932 3563 maiorem
957 3505 1101 3593 partem
1127 3487 1339 3565 absolutum
1372 3505 1468 3584 erat,
1506 3493 1648 3593 quippe
1678 3514 1773 3592 quae
1803 3513 1983 3565 numeros

386 3618 527 3720 primos
559 3614 741 3719 plurimos
775 3618 948 3718 assignat,
992 3640 1153 3719 quorum
1189 3641 1365 3692 numerus
1398 3614 1716 3692 commodissimus
1748 3625 1793 3700 ὲ
1808 3639 1843 3688 10
1875 3611 1982 3690 radix

386 3744 569 3846 primitiva
596 3757 664 3818 est.
717 3739 853 3818 Postea
880 3738 1030 3846 quidem
1047 3741 1227 3835 intellexi,
1254 3768 1325 3846 per
1346 3741 1566 3818 methodum
1587 3740 1796 3845 generalem
1818 3740 1879 3817 hic
1903 3757 1982 3817 tra·

387 3867 500 3944 ditem
524 3871 778 3972 praecursoria
804 3868 868 3943 illa
894 3866 1127 3973 indagatione
1154 3872 1307 3944 omnino
1334 3865 1577 3974 supersederi,
1607 3872 1748 3972 quippe
1773 3865 1981 3944 secundum

388 4022 500 4099 quam
525 3999 670 4072 numeri
694 3996 841 4072 tabulae
867 3995 1135 4071 construendae
1167 3995 1339 4071 calculari
1369 4013 1526 4100 possunt
1551 4011 1635 4071 ante
1660 3993 1823 4071 radicem
1846 3998 1979 4099 primi·

385 4126 498 4198 tivam
524 4126 720 4226 cognitam,
751 4148 846 4226 quae
872 4125 912 4197 in
937 4126 1019 4226 ipso
1047 4122 1191 4198 calculo
1218 4127 1315 4199 inter
1340 4149 1514 4199 numeros
1533 4122 1619 4198 illos
1637 4147 1677 4197 se
1694 4138 1827 4226 sponte
1847 4121 1976 4200 offert.

384 4246 514 4324 Nihilo
545 4264 668 4324 tamen
698 4251 818 4325 minus
848 4248 996 4324 tabulae
1027 4248 1366 4325 Burclchardc‘onoc
1399 4253 1509 4325 etiam
1539 4253 1579 4324 in
1610 4246 1788 4325 methodo
1815 4249 1981 4351 generali

386 4374 447 4450 hic
471 4379 664 4480 proposita
688 4402 776 4451 usus
801 4402 880 4452 non
906 4374 1198 4452 contemnendus
1224 4392 1292 4470 est,
1323 4380 1408 4479 quia
1434 4380 1511 4451 eius
1534 4374 1718 4451 beneficio
1735 4400 1806 4479 pro
1824 4375 1979 4480 singulis

385 4505 546 4577 numeris
572 4504 713 4606 primis,
744 4506 809 4606 qui
835 4500 969 4577 limites
995 4502 1094 4578 illius
1119 4501 1267 4578 tabulae
1293 4530 1369 4579 non
1398 4501 1646 4605 egrediuntur,
1680 4499 1767 4578 inde
1794 4504 1840 4577 ab
1868 4507 1977 4580 initio

382 4626 599 4735 praevidere
617 4628 718 4721 licet,
739 4654 786 4705 an
802 4628 956 4704 tabulaI
972 4654 1045 4704 una
1064 4626 1267 4733 eademque
1286 4632 1502 4733 operatione
1520 4628 1655 4704 confici
1670 4634 1801 4732 possit,
1822 4656 1869 4704 an
1882 4655 1976 4708 con·

385 4754 581 4833 struendae
608 4757 686 4830 eius
712 4760 901 4858 negotium
926 4759 965 4831 in
991 4754 1098 4861 plura
1125 4772 1163 4832 et
1188 4759 1227 4830 in
1245 4772 1339 4858 quot
1356 4752 1551 4833 dividatur.
1607 4752 1692 4851 Qua
1709 4753 1757 4832 de
1773 4780 1814 4830 re
1831 4755 1978 4833 Burrie-

385 4882 612 4961 dardtonom
642 4880 826 4974 tabulam,
863 4909 909 4958 ex
941 4907 987 4957 eo
1020 4906 1097 4986 quo
1130 4882 1269 4959 latebat
1294 4881 1381 4960 loco
1407 4899 1648 4988 protractam,
1685 4880 1748 4956 hic
1777 4887 1977 4987 repetitam
