4732 6090
897 399 1137 477 Introduetto.
1605 446 1610 462 =
1769 431 1809 481 rx

221 601 434 679 resultantia
466 602 566 680 idem
598 619 654 680 est
683 620 796 708 atque
821 603 1044 685 evolutionis
1069 608 1183 710 ipsius
1211 633 1239 708 p
1263 608 1303 681 in
1328 605 1546 683 fractionem
1574 605 1806 704 decimalem3

223 754 269 805 eo
300 746 444 806 tantum
473 729 696 826 discrimine,
731 749 773 809 ut
803 734 843 807 in
874 731 949 809 hoc
979 737 1129 836 negotio
1154 737 1366 810 reiiciantur
1390 732 1549 829 residua,
1581 739 1810 814 retineantur

222 860 446 960 quotientes,
481 863 521 935 in
552 859 621 935 illo
651 864 878 936 retineantur
902 859 1061 956 residua,
1095 864 1306 937 reiiciantur
1338 866 1561 965 quotientes.
1615 861 1745 940 Potest
1769 868 1809 941 in

220 988 371 1088 negotio
397 986 465 1061 illo
491 991 601 1062 etiam
626 1012 669 1063 ea
694 988 1002 1092 multiplicatione
1022 988 1268 1093 supersederi,
1298 1017 1409 1093 quam
1433 987 1563 1066 divisio
1583 1017 1654 1095 per
1674 1019 1700 1093 p
1719 1016 1807 1096 pos·

220 1114 284 1205 eit;
312 1139 398 1187 nam
425 1141 509 1188 cum
536 1118 746 1218 quotientes
773 1142 901 1192 omnes
925 1118 999 1191 sint
1019 1121 1180 1192 minores
1206 1121 1289 1221 ipso
1314 1141 1361 1211 ιο,
1389 1134 1533 1193 tantum
1555 1144 1649 1222 opus
1669 1135 1737 1211 est,
1766 1135 1809 1196 ut

218 1238 390 1344 multiple
415 1245 529 1345 ipsius
547 1272 574 1344 p
599 1269 668 1347 per
690 1268 720 1336 1,
741 1266 771 1336 2,
794 1268 811 1317 3
910 1266 928 1325 9
948 1245 1168 1338 formentur,
1199 1270 1359 1347 quorum
1379 1271 1619 1321 numerorum
1638 1248 1808 1348 proxime

219 1366 373 1443 inferior
397 1395 418 1443 a
444 1367 645 1447 dividendo
672 1369 898 1465 detrahatur,
928 1387 972 1446 ut
997 1373 1209 1447 obtineatur
1227 1371 1414 1447 residuum
1435 1377 1654 1476 quaesitum.
1695 1372 1808 1450 Unde

217 1508 341 1569 totum
367 1501 557 1601 negotium
582 1496 794 1575 inveniendi
813 1496 951 1573 residui
968 1504 1160 1602 potestatis
1177 1505 1346 1603 proxime
1365 1501 1506 1576 altioris
1524 1500 1570 1575 ad
1589 1527 1702 1575 unam
1720 1502 1806 1577 sub·

216 1625 437 1698 tractionem
462 1622 664 1700 reducitur.
705 1624 840 1729 Neque
868 1652 962 1730 opus
988 1643 1056 1721 est,
1084 1644 1127 1702 ut
1147 1631 1309 1702 animum
1335 1627 1514 1721 attendas,
1542 1624 1587 1703 ad
1609 1653 1808 1731 quemnam

217 1745 401 1823 sactorum
428 1776 458 1844 1,
479 1774 511 1844 2,
531 1775 548 1824 s
569 1775 666 1831 ...9
691 1757 876 1856 pertineat
900 1780 1074 1830 numerus
1103 1753 1363 1849 detrahendus,
1394 1758 1480 1858 quia
1506 1760 1546 1830 in
1571 1754 1629 1830 his
1655 1756 1805 1832 calculis

218 1879 430 1978 quotientes
457 1882 611 1953 omnino
638 1906 716 1955 non
740 1908 922 1956 curamus.

358 2003 489 2079 Nihilo
514 2022 639 2082 tamen
667 2011 787 2083 minus
813 2007 914 2084 hunc
939 2008 1072 2085 calcidi
1099 2035 1314 2115 processum
1340 2035 1409 2114 ego
1433 2035 1513 2085 non
1538 2025 1684 2085 secutus
1708 2037 1804 2104 sum,

102 2189 108 2198 .
217 2126 282 2204 sed
308 2129 421 2207 alium
446 2134 619 2236 praetuli,
649 2137 688 2209 in
715 2161 792 2239 quo
819 2140 929 2211 etiam
955 2137 1205 2213 subtractione
1231 2137 1512 2243 supersedemus
1538 2152 1576 2212 et
1604 2140 1706 2212 omni
1726 2161 1806 2213 om·

217 2259 307 2333 nino
334 2259 492 2336 calculo.
549 2259 767 2337 Scribantur
792 2267 891 2338 enim
915 2267 955 2338 in
982 2263 1169 2341 Columna
1189 2265 1324 2341 Prima
1349 2290 1477 2340 omnes
1503 2267 1648 2340 numeri
1676 2262 1807 2341 ordine

216 2409 285 2461 suo
310 2386 469 2463 naturali
496 2388 584 2463 inde
610 2416 631 2463 a
659 2415 671 2463 1
701 2390 891 2492 usquead
917 2421 1001 2493 p-
1018 2416 1048 2486 ι,
1082 2395 1182 2468 iuxta
1213 2419 1308 2496 quos
1337 2408 1525 2496 ponantur
1550 2396 1590 2466 in
1621 2390 1808 2470 Columna

216 2511 391 2590 Secunda
415 2519 561 2590 numeri
590 2540 637 2610 ιο,
656 2539 706 2610 ιο,
727 2541 776 2611 so,
797 2529 833 2590 to
856 2534 945 2612 cet,
981 2522 1047 2622 qui
1074 2544 1194 2623 usque
1220 2545 1266 2595 eo
1294 2523 1570 2612 continuentur,
1605 2517 1693 2593 dum
1719 2545 1805 2623 per·

214 2644 341 2717 venias
366 2639 413 2716 ad
440 2668 635 2717 numerum
660 2648 742 2746 ipso
766 2673 793 2745 p
819 2650 1011 2739 maiorem,
1039 2649 1080 2720 in
1105 2650 1207 2720 cuins
1233 2646 1373 2733 locum,
1402 2660 1562 2744 proutp
1586 2657 1642 2715 est
1665 2644 1807 2719 formae

216 2788 351 2852 tom-t·
365 2790 396 2862 ι,
417 2790 449 2861 s,
469 2789 501 2861 5,
522 2786 553 2861 7,
573 2791 606 2860 9,
641 2783 804 2870 ponatur
828 2789 861 2861 9,
882 2788 913 2862 7,
934 2790 966 2861 s,
986 2790 1019 2861 s,
1040 2790 1070 2862 ι,
1105 2793 1148 2843 ac
1180 2766 1316 2843 deinde
1341 2764 1570 2871 pergendum
1598 2783 1653 2842 est
1678 2772 1806 2846 iterata

216 2892 381 2971 eitudem
402 2898 546 2970 numeri
569 2919 602 2968 10
623 2893 828 2989 additione,
855 2921 974 2998 usque
996 2892 1085 2969 dum
1106 2922 1230 2971 rursus
1249 2898 1421 3000 pervenis
1440 2893 1486 2970 ad
1507 2921 1704 2970 numerum
1722 2900 1806 3002 ipso

211 3049 240 3123 p
266 3025 461 3117 maiorem,
496 3025 536 3097 in
570 3025 673 3098 cuius
702 3021 829 3097 locum
860 3049 985 3097 rursus
1014 3020 1192 3126 ponenda
1224 3038 1310 3097 sunt
1339 3022 1425 3096 illae
1456 3021 1602 3123 aliquae
1630 3026 1803 3119 unitates,

216 3149 353 3253 quibus
377 3174 552 3225 numerus
580 3153 701 3253 ipsum
724 3178 751 3250 p
778 3165 940 3253 superat,
973 3163 1011 3224 et
1036 3146 1172 3224 deinde
1197 3174 1321 3223 rursus
1340 3144 1571 3252 pergendum
1598 3151 1668 3223 erit
1686 3152 1804 3226 eonti-

214 3303 289 3354 nua
313 3280 428 3382 ipsius
455 3301 490 3352 ιο
515 3276 718 3371 additione,
748 3301 895 3380 semper
920 3278 1066 3379 quoties
1091 3273 1138 3351 ad
1158 3303 1353 3351 numerum
1373 3280 1457 3379 ipso
1475 3305 1502 3377 p
1523 3277 1701 3350 maiorem
1719 3303 1805 3380 per·

213 3408 318 3481 venis
344 3408 459 3509 ipsius
480 3433 508 3508 p
534 3403 761 3481 detractione
788 3404 896 3480 sacta.
950 3402 1057 3500 Quae
1084 3429 1276 3508 eousque
1302 3400 1552 3479 continuanda
1577 3419 1663 3479 sunt
1686 3430 1806 3508 usque

216 3529 306 3607 dum
331 3530 378 3608 ad
403 3558 600 3608 numerum
621 3561 706 3636 p-
720 3555 754 3606 ιο
780 3534 987 3636 pervenias.
1041 3531 1123 3606 Hac
1154 3534 1299 3607 ratione
1325 3531 1439 3607 altera
1465 3528 1638 3605 columna
1665 3547 1704 3606 et
1727 3535 1807 3637 ipsa

215 3661 424 3736 continebit
455 3685 583 3735 omnes
617 3685 729 3761 p-1
761 3684 937 3734 numeros
964 3684 994 3753 ι,
1022 3681 1093 3753 2,s
1119 3712 1152 3734 ..
1176 3684 1288 3760 p-1
1317 3662 1366 3734 ita
1390 3655 1602 3762 dispositos,
1637 3672 1681 3733 ut
1706 3661 1807 3736 iuxta

217 3787 424 3892 quemlibet
446 3811 642 3861 numerum
667 3788 694 3860 lc
719 3785 946 3862 columnael
972 3788 1179 3863 inveniatur
1203 3790 1243 3861 in
1274 3786 1445 3861 columna
1459 3785 1498 3860 H
1523 3781 1712 3860 residuum
1735 3814 1805 3863 nu·

215 3918 309 3992 meri
335 3916 403 3988 ιοΙι
426 3939 541 4018 perp
564 3912 683 3991 dirisi.
724 3912 893 4016 Utraque
922 3913 1096 3989 columna
1128 3912 1257 3989 eadem
1283 3913 1469 3989 celeritate
1494 3928 1606 4015 atque
1632 3911 1806 3992 facilitate

216 4043 399 4120 formatur
424 4058 536 4144 atque
559 4044 597 4116 in
623 4044 785 4116 numeris
812 4038 943 4116 ordine
968 4041 1126 4116 naturali
1151 4038 1355 4116 scribendis
1381 4039 1542 4115 calamus
1567 4066 1716 4117 currere
1742 4068 1806 4120 va·

103 4275 106 4280 ι
215 4169 282 4247 let.
335 4169 470 4273 Neque
500 4169 581 4244 ullo
609 4168 753 4245 calculo
778 4183 866 4272 post
897 4166 963 4243 has
989 4168 1179 4244 columnas
1204 4167 1379 4243 formatas
1408 4192 1504 4271 opus
1531 4183 1598 4242 est.
1652 4168 1806 4248 Edato
1886 4236 1904 4259 ,,

219 4301 318 4374 enim
342 4299 535 4402 potestatis
559 4294 708 4372 residuo
738 4323 761 4372 r
786 4295 901 4371 habes
925 4298 1094 4399 proxime
1124 4295 1265 4372 altioris
1295 4292 1477 4372 sumendo
1502 4298 1542 4369 in
1568 4294 1657 4372 Col.
1673 4297 1713 4372 Π
1736 4325 1805 4374 nu·

217 4449 362 4502 merum
393 4428 495 4500 iuxta
528 4449 723 4499 numerum
756 4451 779 4500 r
804 4422 1045 4500 ColumnaeI
1073 4426 1251 4527 positum.
1305 4421 1465 4519 Quoties
1495 4425 1606 4527 igitur
1631 4447 1665 4498 ιο
1691 4428 1806 4529 ipsius

213 4580 241 4655 p
264 4550 370 4628 radix
388 4553 574 4656 primitiva
596 4567 664 4645 est,
693 4550 788 4625 nibil
812 4567 937 4645 restat,
966 4553 1037 4659 nisi
1055 4566 1099 4626 ut
1116 4548 1261 4627 residua
1279 4568 1504 4656 potestatum
1520 4554 1806 4631 successivamm

216 4683 332 4785 ipsius
359 4703 409 4773 10,
435 4677 506 4755 hac
529 4682 674 4756 ratione
699 4678 768 4753 alia
794 4693 882 4782 post
906 4678 977 4754 alia
1002 4682 1164 4773 inventa,
1192 4680 1340 4756 tabulae
1367 4680 1624 4755 inscribantur.

359 4806 402 4882 Si
433 4851 478 4868 -
493 4831 527 4881 10
558 4806 663 4882 radix
693 4809 877 4910 primitiva
911 4822 978 4899 est,
1014 4805 1109 4881 nibil
1140 4808 1356 4902 mutabitur,
1391 4811 1462 4886 nisi
1489 4805 1590 4910 quod
1619 4803 1807 4886 cotila

218 4959 375 5012 numero
402 4962 487 5037 p-
502 4958 537 5009 ιο
569 4931 685 5010 ordiri
711 4931 824 5010 debet
856 4937 1009 5038 eiusque
1038 4937 1184 5010 numeri
1215 4932 1350 5010 eodem
1379 4957 1537 5009 numero
1565 4955 1599 5007 10
1625 4937 1805 5012 continuo

1457 5057 1522 5164 [bl
