4732 6090
1238 326 1480 406 Introduuto.

1197 546 1513 629 ffl÷n=m3

559 752 680 833 usque
705 723 751 802 ad
778 724 934 802 limitem
959 748 1032 801 2500
1057 742 1197 802 restant
1221 728 1331 830 igitur
1354 743 1499 803 tantum
1519 741 1839 803 sss-aar=1tt
1859 734 2005 807 numeri
2023 734 2149 836 primi,

557 881 630 962 pro
662 857 799 960 quibus
830 851 934 928 radix
964 857 1149 959 primitiva
1179 852 1384 957 indaganda
1416 872 1486 931 est.
1538 853 1642 931 Inter
1666 877 1721 930 200
1749 872 1787 932 et
1813 879 1897 950 1000,
1934 859 2031 934 inter
2057 884 2153 962 quos

559 983 694 1059 limites
719 982 811 1058 mibi
837 979 883 1057 ad
910 980 1053 1057 tabulas
1079 1009 1193 1059 novas
1213 980 1427 1058 condendas
1446 987 1591 1059 numeri
1608 986 1721 1087 primi
1747 981 2005 1060 considerandi
2029 1002 2148 1079 erant,

557 1110 745 1186 habentur
769 1128 819 1205 ιο,
847 1136 920 1214 pro
946 1111 1081 1215 quibus
1113 1134 1203 1184 -ιο
1228 1107 1334 1186 radix
1357 1113 1543 1215 primitiva
1569 1128 1642 1205 est,
1672 1110 1773 1188 unde
1799 1114 1896 1188 inter
1921 1111 1991 1188 bos
2017 1112 2152 1189 limites

558 1255 699 1316 restant

1029 1351 1685 1420 m-b-½=m-ffl=st

515 1575 519 1587 ·
559 1532 662 1609 Inter
688 1553 759 1606 1000
786 1547 824 1608 et
848 1553 922 1607 2500
946 1547 1085 1610 restant
1112 1554 1166 1612 190
1182 1577 1224 1595 -
1244 1556 1278 1608 ss
1298 1577 1339 1592 -
1355 1549 1392 1607 as
1416 1566 1464 1603 =
1485 1553 1535 1627 ts,
1569 1558 1642 1637 pro
1677 1534 1812 1638 quibus
1838 1531 1944 1609 radix
1968 1537 2153 1637 primitiva

560 1656 767 1763 indaganda
793 1675 861 1734 est.

700 1783 812 1861 Ratio
830 1811 1070 1862 numerorum
1089 1806 1123 1864 ts
1142 1803 1179 1864 et
1197 1798 1249 1863 sis
1268 1788 1378 1863 nobis
1394 1785 1617 1893 persuadere
1633 1785 1793 1882 ridetur,
1815 1787 1897 1864 fieri
1912 1805 1968 1883 ut,
1991 1791 2153 1864 numeris

559 1916 687 2018 primis
712 1939 831 2018 usque
856 1910 903 1988 ad
929 1913 1085 1989 limitem
1111 1918 1196 1989 satis
1223 1941 1396 2018 magnum
1422 1913 1675 2009 consideratis,
1704 1941 1880 1993 numerus
1901 1919 2067 1990 omnium
2084 1942 2153 1992 nu-

560 2065 750 2117 merorum
769 2045 989 2144 primorum,
1017 2067 1089 2146 pro
1116 2043 1253 2146 quibua
1280 2066 1314 2116 10
1336 2058 1391 2119 est
1415 2040 1520 2117 radix
1537 2045 1736 2146 primitiva,
1764 2046 1811 2119 sit
1829 2046 1998 2147 proxime
2019 2040 2153 2146 duplus

560 2171 706 2244 numeri
723 2193 961 2243 numerorum
978 2173 1184 2274 primorum
1205 2181 1350 2256 tm-t-a,
1373 2193 1446 2272 pro
1468 2172 1603 2272 quibus
1634 2214 1675 2229 -
1694 2194 1729 2245 ιο
1755 2167 1858 2245 radix
1877 2172 2063 2274 primitiva
2082 2186 2152 2246 est.

563 2293 721 2391 Quoties
751 2319 787 2370 ιο
823 2311 880 2372 est
908 2294 1011 2370 radix
1041 2298 1225 2399 primitiva
1250 2298 1396 2369 numeri
1421 2297 1533 2400 primi
1562 2307 1731 2389 tm÷1,
1765 2294 1930 2372 eiusdem
1957 2300 2029 2373 erit
2058 2340 2099 2356 -
2119 2320 2153 2371 ιο

561 2420 665 2498 radix
696 2425 881 2526 primitiva
912 2439 951 2497 et
980 2425 1061 2497 vice
1086 2447 1203 2499 versa.
1260 2420 1480 2498 Cuiusmodi
1512 2425 1657 2499 numeri
1680 2426 1792 2527 primi
1816 2421 2007 2527 usquead
2034 2447 2152 2500 same

561 2547 725 2626 tabulaI
749 2547 936 2625 habentur
960 2565 1009 2642 76,
1037 2546 1138 2624 unde
1164 2551 1323 2626 existunt
1350 2576 1470 2652 usque
1496 2549 1543 2625 ad
1568 2549 1669 2626 bunc
1694 2550 1868 2627 limitem:

575 2754 580 2787 ¹
728 2751 873 2824 numeri
897 2751 1008 2855 primi
1034 2759 1196 2843 tm-t-s,
1226 2759 1494 2853 quorumssto
1518 2746 1599 2825 rad.
1621 2752 1750 2854 prim,
1782 2805 1792 2824 .
1824 2805 1834 2824 .
1867 2805 1877 2824 .
1908 2804 1920 2825 .
1949 2767 1985 2828 76

945 2911 962 2941 ι
1035 2886 1197 2969 dm43,
1306 2911 1323 2941 ι
1459 2899 1570 2950 10»
1677 2899 1984 2970 »,....72

797 3038 814 3066 a
946 3038 963 3068 a
1037 3014 1199 3096 ἀτη-Η,
1309 3039 1327 3068 υ
1408 3026 1573 3077 -102
1680 3027 1997 3097 »,....7s.

564 3202 736 3300 Quorum
768 3227 1010 3277 numerorum
1038 3205 1200 3278 rationes
1231 3203 1481 3278 crescentibus
1510 3202 1690 3279 limitibus
1716 3201 1762 3279 ad
1788 3206 1967 3279 unitatem
1997 3228 2150 3278 conver·

562 3356 649 3435 gere
674 3329 783 3405 facile
809 3333 975 3404 coniicit.
1028 3327 1141 3404 Unde
1167 3333 1277 3404 etiam
1302 3334 1448 3405 numeri
1472 3333 1597 3434 primi,
1627 3356 1787 3433 quorum
1810 3352 1856 3415 -ι-
1870 3354 1904 3404 ιο
1930 3347 1967 3407 et
1991 3357 2152 3434 quorum

567 3479 663 3530 -ιο
687 3452 791 3530 radix
816 3459 1000 3558 primitiva
1028 3471 1095 3548 est,
1125 3452 1257 3530 eodem
1282 3460 1451 3560 proxime
1476 3481 1632 3531 numero
1659 3473 1780 3533 erunt.
1822 3455 2041 3533 Generalius
2060 3482 2150 3533 con·

561 3588 673 3661 iicere
698 3582 800 3674 licet,
830 3579 1034 3655 dummodo
1062 3580 1210 3675 limites,
1239 3585 1335 3657 inter
1361 3609 1456 3686 quos
1478 3586 1623 3658 numeri
1641 3586 1753 3687 primi
1773 3582 2065 3678 considerantur,
2095 3611 2152 3660 sa·

561 3714 608 3787 tis
635 3709 749 3814 ampli
774 3713 860 3802 sint,
887 3711 1056 3812 proxime
1083 3705 1177 3801 fieri,
1206 3725 1248 3784 ut
1273 3712 1416 3785 numeri
1441 3713 1565 3815 primi,
1595 3737 1755 3814 quorum
1774 3709 1880 3787 datus
1900 3736 2074 3788 numanis
2092 3739 2149 3788 ra·

563 3836 625 3914 dix
648 3840 832 3942 primitiva
858 3839 918 3929 sit,
952 3861 1023 3941 pro
1051 3836 1216 3912 omnibus
1241 3834 1334 3912 datis
1360 3840 1521 3915 numeris
1547 3863 1667 3940 aeque
1694 3838 1801 3914 multi
1826 3842 1994 3915 existant.

703 3965 755 4040 At
785 3965 911 4040 tabula
938 3962 1181 4039 Bur-ethardi
1209 3990 1287 4039 non
1317 3981 1459 4041 tantum
1491 3992 1563 4069 pro
1589 3963 1626 4062 -ξ-
1656 3966 1801 4041 circiter
1828 3969 1995 4042 omnium
2020 3991 2148 4040 nume·

562 4116 690 4169 rorum
714 4096 920 4196 primorum
947 4091 1042 4167 inira
1068 4114 1140 4167 2500
1166 4090 1327 4168 radicem
1352 4095 1576 4196 primitivam
1603 4096 1773 4196 assignat,
1802 4092 1866 4169 sed
1891 4093 2053 4169 radicem
2072 4096 2149 4197 pri·

563 4223 726 4295 mitivam
759 4222 925 4294 omnium
956 4216 1303 4295 commodissimam.
1356 4216 1453 4294 Nam
1481 4244 1553 4324 pro
1579 4217 1703 4294 radice
1727 4223 1909 4325 primitiva
1935 4230 1981 4306 ὲ
1995 4244 2029 4294 ιο
2055 4220 2149 4294 mul·

509 4368 512 4374 ⁴
562 4347 853 4453 tiplicationibus
873 4344 918 4421 ad
941 4346 1131 4423 formanda
1150 4362 1374 4452 potestatum
1394 4345 1538 4423 residua
1557 4345 1829 4452 supersedetur.
1871 4348 2029 4423 Invento
2051 4349 2150 4422 enim

562 4477 755 4580 potestatis
781 4472 943 4567 residuo,
971 4491 1014 4550 ut
1038 4472 1207 4579 proxime
1231 4474 1373 4550 altioris
1399 4476 1622 4567 obtineatur,
1652 4473 1709 4548 illi
1734 4490 1879 4549 tantum
1903 4477 1989 4550 reiro
2013 4472 2149 4551 adscri-

562 4599 729 4679 bendum
756 4605 825 4677 erit
852 4618 889 4679 et
913 4600 1092 4679 divisione
1116 4627 1185 4706 per
1205 4631 1232 4706 p
1252 4602 1347 4677 facta
1370 4599 1558 4677 residuum
1578 4599 1845 4704 quaerendum,
1874 4604 2026 4706 insuper
2044 4606 2148 4704 signo

564 4745 719 4823 mutato,
752 4733 784 4805 si
815 4753 909 4804 -so
941 4747 995 4806 est
1026 4727 1131 4804 radix
1161 4731 1358 4832 primitiva.
1414 4726 1539 4824 Quare
1568 4745 1690 4805 totum
1721 4732 1911 4831 negotium
1937 4727 2148 4804 inveniendi

563 4872 789 4962 potestatum
813 4861 959 4933 numeri
988 4880 1021 4930 ιο
1047 4854 1192 4931 residua
1219 4881 1240 4931 e
1271 4853 1449 4933 divisione
1474 4881 1543 4961 per
1568 4854 1694 4932 datum
1719 4883 1914 4933 numerum
1937 4858 2099 4961 primum
2121 4884 2149 4959 p
