4732 6090
385 408 433 459 xa
1060 378 1301 456 Introductr‘o.

385 585 427 664 Si
452 587 480 660 a‘
504 601 558 662 est
591 609 732 661 summa
756 585 871 688 ipsius
897 603 913 655 a
939 599 1103 687 potestas
1134 608 1328 659 numerum
1358 582 1384 655 I
1403 583 1576 674 metiens,
1610 578 1875 656 determinatur
1906 601 1975 682 per

384 712 528 789 tabulas
554 728 697 789 nostras
724 737 745 787 e
771 712 1010 815 congruentia

900 888 1032 1047 {LK
1043 949 1088 1003 Ξ
1109 892 1153 1048 ξ
1168 923 1288 1025 (mod.
1304 923 1450 1021 2“'“'),

384 1194 558 1245 numerus
583 1146 643 1277 ἐξ,
671 1167 771 1243 unde
798 1171 907 1244 etiam
933 1170 1047 1271 ipsius
1073 1167 1103 1240 1
1104 1168 1113 1200 '
1138 1166 1243 1244 valor
1267 1166 1437 1241 habetur.

523 1293 599 1371 Pro
617 1295 766 1399 singulis
782 1293 942 1370 modulis
960 1302 996 1367 2¹⁶
1016 1292 1160 1374 residua
1176 1297 1330 1397 imparia
1346 1291 1394 1368 N
1405 1297 1444 1367 in
1459 1291 1594 1367 tabulis
1612 1293 1832 1367 constructis
1850 1295 1976 1366 omnia

383 1426 620 1499 inveniuntur
641 1426 784 1498 minora
801 1426 884 1526 ipso
910 1422 1005 1511 ψ’,
1035 1443 1164 1496 eorum
1181 1424 1291 1523 igitur
1307 1445 1481 1495 numerus
1509 1435 1562 1495 est
1596 1401 1661 1527 ἓξ
1702 1422 1733 1494 si
1750 1421 1977 1522 proponitur

384 1548 570 1625 residuum
595 1553 691 1626 inter
716 1552 791 1623 2⁹⁸¹
824 1564 861 1624 et
886 1555 923 1621 2⁸
950 1550 1126 1651 positum,
1155 1545 1193 1621 id
1221 1575 1241 1623 a
1267 1545 1422 1622 modulo
1449 1555 1485 1620 a*
1514 1544 1783 1621 detrahendum
1809 1561 1877 1621 est.

519 1674 593 1751 Pro
607 1675 767 1751 modulis
778 1678 983 1778 primorum
996 1675 1241 1778 potestatibus
1254 1674 1396 1749 tabulas
1410 1673 1572 1749 confecit
1584 1672 1769 1747 Dominus
1788 1671 1848 1751 W
1842 1671 1977 1756 echert,

382 1806 543 1876 muneris
570 1801 777 1877 scholastici
807 1799 1035 1876 candidatus.
1089 1801 1150 1876 De
1182 1799 1424 1877 adornatione
1458 1799 1664 1876 tabularum
1695 1797 1791 1874 nihil
1816 1824 1974 1874 monen-

384 1924 473 2002 dum
499 1945 573 2021 est,
609 1933 679 2004 nisi
712 1927 814 2031 quod
848 1933 887 2003 in
917 1931 1080 2031 margine
1115 1926 1276 2021 denerat,
1312 1932 1352 2003 in
1383 1927 1477 2002 facie
1508 1938 1666 2003 untimes
1696 1929 1839 2029 positae
1871 1941 1972 2000 sunt.

384 2053 483 2131 Cura
511 2071 548 2129 et
564 2054 825 2162 benevolentia
840 2058 1005 2130 virorum
1023 2053 1334 2145 Clarissimorum,
1363 2051 1621 2130 Professorum
1639 2051 1836 2137 Dirichlet,
1856 2051 1977 2138 Dore,

384 2181 537 2266 διεῖπεν,
563 2181 728 2267 Metto,
752 2181 962 2256 Doctorum
993 2181 1177 2287 Wotsers‚
1202 2183 1402 2266 Brmtter,
1425 2181 1537 2255 Galle
1562 2181 1699 2256 factum
1717 2196 1785 2270 est,
1814 2195 1857 2254 ut
1872 2194 1976 2255 unta

383 2333 622 2384 numerorum
646 2308 770 2384 moles
791 2309 838 2382 ab
865 2309 1037 2383 omnibus
1063 2306 1207 2383 mendis
1233 2334 1318 2382 cum
1342 2306 1558 2412 typothetae
1584 2324 1664 2382 tum
1681 2308 1821 2383 scribae
1839 2331 1973 2409 purga·

383 2450 496 2527 retur,
527 2460 688 2538 quorum
712 2433 812 2536 larga
836 2437 945 2538 copia
968 2432 1014 2509 ad
1039 2434 1177 2510 calcem
1195 2432 1334 2510 adiecta
1356 2450 1422 2509 est.
1470 2431 1512 2510 Si
1529 2432 1632 2538 quod
1656 2451 1778 2510 tamen
1797 2430 1976 2508 mendum

331 2652 337 2659 .
383 2576 529 2663 praeter
555 2564 866 2664 exspectationem
891 2561 1080 2636 sollertem
1105 2564 1383 2663 inquisitionem
1399 2560 1533 2662 fugisse
1557 2558 1905 2664 reprehenderetur,
1933 2557 1974 2633 id

384 2713 469 2760 cum
486 2685 695 2761 Academia
710 2687 943 2761 Litterarum
968 2691 1261 2763 communicetur
1277 2713 1460 2790 rogamus.
1507 2689 1685 2762 Maximae
1703 2702 1824 2760 autem
1842 2690 1975 2788 gratias

384 2837 452 2914 ago
470 2811 715 2887 illustrissimo
733 2811 874 2905 Enete,
896 2815 961 2915 qui
978 2828 1016 2888 ct
1031 2810 1090 2887 his
1107 2810 1415 2888 emendatricibus
1432 2816 1528 2887 curis
1545 2811 1753 2916 praesidere
1772 2830 1810 2889 et
1826 2838 1975 2887 summo

384 2936 506 3012 studio
541 2964 582 3013 ac
608 2938 868 3015 benevolentia
900 2963 960 3013 me
987 2942 1138 3041 egregiis
1164 2940 1326 3015 consiliis
1351 2943 1390 3014 in
1417 2937 1633 3029 adornando
1661 2965 1773 3044 opere
1801 2937 1975 3016 adiuvare

383 3063 514 3141 voluit.
1259 3063 1266 3079 '

526 3190 606 3266 Scr.
636 3190 861 3294 Regimontii
888 3188 925 3266 d.
956 3196 993 3267 4.
1013 3192 1172 3268 Ianuarii
1204 3197 1313 3267 18³9.
