4696 6082
1061 358 1301 434 Introductis.
1852 391 1976 441 mur

390 558 493 655 dedi,
521 563 606 637 otiis
622 565 705 636 usui
722 587 800 637 esse
817 567 950 666 possit,
980 563 1114 666 quibus
1131 563 1227 639 sorte
1245 589 1349 639 mens
1367 579 1434 655 est,
1463 563 1551 639 huic
1569 567 1675 668 operi
1692 563 1851 641 adiicere
1867 567 1973 642 tabu-

390 688 444 764 las
469 715 540 793 pro
565 693 726 764 numeris
751 693 880 793 primis
905 693 1001 764 inter
1027 713 1098 763 1000
1124 707 1162 765 et
1187 715 1272 765 2500.
1329 689 1430 786 Quas
1455 695 1486 766 si
1514 697 1595 795 quis
1621 692 1682 767 vel
1706 718 1779 796 pro
1803 696 1975 771 omnibus

388 819 550 889 numeris
567 820 695 919 primis
713 816 807 890 infra
826 840 915 890 10000
933 833 1147 893 constmere
1165 822 1378 922 susciperet,
1408 845 1486 893 non
1503 835 1625 895 tantus
1642 819 1741 896 soret
1757 820 1878 912 labor,
1908 820 1974 897 sed

388 943 551 1017 obstaret
576 944 820 1046 publicationi
839 945 996 1018 ambitus
1023 949 1159 1048 operis.
1216 945 1288 1022 Cui
1313 945 1552 1021 incommodo
1572 963 1738 1050 exparte
1757 947 1878 1050 aliqua
1906 949 1973 1023 ob·

387 1073 546 1162 venitur,
576 1073 606 1144 si
631 1070 773 1144 tabulas
799 1070 935 1144 similes
962 1069 1090 1146 condis
1118 1099 1243 1147 earum
1271 1100 1362 1176 quas
1387 1098 1458 1176 pro
1483 1077 1645 1147 numeris
1662 1078 1790 1177 primis
1807 1075 1902 1148 infra
1922 1098 1974 1148 000

386 1195 441 1270 ill.
467 1195 593 1271 Gauss
619 1201 657 1271 in
681 1197 999 1298 Drsqursitionibus
1015 1198 1266 1275 Arotmettcu
1292 1197 1407 1275 dedit.
1464 1198 1570 1294 Quae
1596 1200 1744 1275 tabulae
1761 1227 1832 1305 pro
1850 1205 1971 1304 singu-

384 1321 430 1398 lis
455 1321 616 1398 modulis
646 1328 775 1427 primis
807 1324 983 1400 exhibent
1013 1326 1179 1402 solorum
1211 1353 1450 1402 numerorum
1476 1337 1695 1428 primorum,
1727 1326 1888 1401 modulis
1914 1332 1969 1402 in-

386 1448 575 1543 seriorum,
604 1448 764 1545 indices;
794 1455 934 1555 quippe
961 1478 981 1527 e
1009 1456 1143 1555 quibus
1169 1453 1366 1529 cuiuslibet
1391 1450 1467 1528 dati
1492 1458 1637 1529 numeri
1653 1453 1813 1529 indicem
1830 1453 1972 1557 simpli·

385 1577 490 1651 cibus
522 1575 771 1652 additionibus
804 1583 914 1653 emis.
971 1576 1058 1672 Quo
1090 1578 1315 1685 compendio
1348 1581 1548 1656 tabulaell
1573 1580 1618 1655 ad
1645 1581 1764 1657 multo
1790 1585 1973 1655 minorem

384 1705 564 1778 ambitum
589 1701 829 1796 reducuntur,
858 1705 1038 1780 tabulaeI
1068 1723 1190 1782 autem
1217 1711 1370 1782 omnino
1396 1733 1473 1781 non
1500 1706 1724 1782 conduntur.
1778 1706 1971 1781 Eiusmodi

384 1830 553 1923 tabulae,
582 1831 670 1904 licet
696 1834 817 1904 minus
844 1831 1079 1925 commodae,
1109 1831 1155 1907 ad
1182 1834 1319 1910 multos
1344 1851 1469 1908 tamen
1493 1861 1580 1908 usus
1605 1834 1805 1924 sufficiunt,
1836 1860 1893 1908 ex.
1913 1861 1968 1936 gr.

383 1961 415 2032 si
441 1956 709 2061 explorandum
734 1963 973 2061 proponitur,
1002 1986 1049 2034 an
1075 1957 1181 2034 datus
1207 1986 1381 2035 numerus
1407 1964 1454 2034 sit
1479 1964 1623 2035 numeri
1648 1965 1759 2064 primi
1783 1958 1972 2035 residuum

384 2083 569 2176 cubicum,
598 2083 891 2186 biquadraticnm
907 2102 978 2160 cet.
1025 2085 1123 2162 Cum
1151 2112 1197 2161 eo
1223 2088 1378 2162 consilio
1404 2088 1584 2162 tabulaeI
1609 2091 1761 2162 omnino
1785 2114 1863 2160 non
1881 2112 1969 2161 con-

383 2227 588 2304 struantur,
624 2209 756 2284 addam
782 2210 999 2286 methodum
1026 2210 1254 2316 expeditam,
1292 2240 1364 2316 qua
1390 2215 1558 2290 tabulam
1581 2213 1743 2290 badicum
1766 2212 1971 2289 bumedr'ote

383 2341 564 2437 conficere
586 2341 677 2421 licet,
701 2337 876 2438 siquidem
898 2337 1012 2412 radia
1030 2349 1211 2440 primitiva
1236 2351 1385 2443 cogm'to
1408 2355 1468 2416 est.

524 2463 582 2540 Sit
600 2493 625 2538 a
644 2462 748 2538 radix
768 2468 952 2567 primitiva
974 2465 1256 2568 formenturque
1278 2483 1447 2570 utsupra
1465 2471 1562 2542 iuxta
1580 2472 1721 2572 positae
1740 2467 1932 2542 columnae
1950 2469 1971 2541 Ι

383 2607 421 2666 et
444 2590 495 2683 Π,
533 2617 689 2694 quarum
713 2590 734 2665 I
760 2607 815 2664 est
840 2595 951 2665 series
977 2617 1217 2668 numerorum
1242 2592 1463 2667 naturalium
1489 2610 1600 2695 atque
1620 2595 1659 2666 H
1684 2619 1814 2667 eorum
1840 2594 1970 2667 a¹'¹²¹⁰''¹

332 2784 337 2793 .
379 2716 525 2792 residua
542 2721 692 2791 minima
708 2720 865 2821 positiva
883 2717 1107 2821 suppeditat.
1161 2719 1346 2794 Vocemus
1368 2749 1403 2812 α,
1428 2718 1614 2793 residuum
1631 2723 1823 2794 minimum
1840 2725 1969 2824 positi-

381 2871 468 2920 vum
486 2848 599 2948 ipsius
617 2872 681 2935 on,
711 2847 761 2917 ita
780 2859 824 2916 ut
840 2841 938 2946 apud
958 2870 1150 2918 numerum
1169 2872 1196 2917 n
1213 2845 1441 2920 columnaeI
1466 2850 1673 2922 inveniatur
1689 2850 1729 2920 in
1748 2846 1919 2921 columna
1931 2847 1970 2921 11

380 2997 553 3046 numerus
585 2999 642 3061 0„
696 2971 892 3044 Formetur
924 2974 997 3043 iam
1030 2971 1202 3044 columna
1219 2971 1277 3044 ΙΠ
1309 3000 1335 3045 o
1364 2999 1451 3044 zero
1484 2976 1663 3072 incipiens
1697 2988 1735 3045 et
1767 2971 1969 3048 secundum

380 3097 476 3172 hanc
500 3097 620 3199 legem
645 3101 870 3188 continuata,
898 3111 941 3170 ut
965 3100 1064 3169 iuxta
1090 3099 1220 3199 positis
1245 3101 1284 3170 in
1308 3095 1397 3171 coll.
1412 3097 1445 3188 I,
1465 3096 1516 3186 H,
1537 3096 1595 3169 ΙΠ
1620 3101 1781 3170 numeris
1798 3126 1837 3189 n,
1858 3126 1911 3188 a„
1930 3126 1968 3172 m

381 3225 561 3298 scribatur
586 3249 759 3297 numerus
785 3226 953 3326 proxime
979 3225 1097 3296 maior
1127 3242 1236 3304 m÷1
1272 3225 1311 3295 in
1338 3223 1509 3296 columna
1528 3221 1586 3294 HI
1611 3225 1710 3295 iuxta
1737 3222 1969 3297 columnael

379 3376 573 3426 numerum
597 3381 653 3443 a„
708 3351 788 3425 Hac
805 3353 948 3424 ratione
966 3353 1110 3423 numeri
1137 3373 1168 3441 0,
1191 3373 1221 3440 0,
1243 3371 1281 3423 a.
1296 3403 1304 3422 .
1319 3372 1437 3449 ‚pa-2
1464 3348 1556 3422 locis
1573 3352 1807 3452 praescriptis
1825 3349 1966 3424 colum·

380 3503 448 3553 nae
463 3478 521 3551 ΙΠ
545 3479 808 3569 inscribantur,
846 3493 1029 3579 eruntque
1061 3476 1117 3550 illi
1142 3480 1286 3550 numeri
1312 3474 1450 3550 indices
1477 3502 1716 3549 numerorum
1742 3479 1840 3550 iuxta
1865 3480 1965 3579 posi-

378 3622 502 3680 torum
529 3604 722 3678 columnae
734 3605 766 3678 I.
821 3603 878 3677 Ac
903 3604 1057 3677 fortasse
1084 3601 1396 3705 expeditissimum
1423 3605 1512 3694 erit,
1548 3600 1618 3677 hac
1649 3606 1792 3676 ratione
1824 3603 1966 3679 tabulas

377 3730 610 3807 residuorum
636 3746 674 3804 et
697 3730 840 3805 tabulas
866 3728 1030 3803 indicum
1056 3755 1076 3802 a
1102 3754 1141 3803 se
1167 3728 1463 3832 independenter
1487 3745 1719 3820 construere,
1753 3753 1875 3831 neque
1900 3729 1966 3804 has

380 3883 426 3933 ex
451 3858 525 3932 illis
549 3857 728 3948 formare,
763 3861 816 3931 uti
843 3882 952 3960 supra
978 3859 1172 3959 proposui.
1227 3855 1323 3930 Nam
1349 3860 1430 3949 ista,
1460 3882 1533 3958 qua
1560 3881 1654 3958 opus
1681 3871 1770 3946 erat,
1800 3880 1965 3930 commu·

379 3988 469 4060 tatio
495 3984 664 4061 valorum
689 3982 909 4057 tabularium
935 3986 975 4056 in
1002 3998 1211 4084 argumenta
1239 3999 1276 4056 et
1302 3999 1599 4085 argumentorum
1624 3985 1664 4056 in
1688 3981 1833 4056 valores
1858 3984 1964 4057 tabu-

377 4112 472 4187 lares
497 4136 677 4214 perquam
708 4110 862 4184 molesta
895 4126 950 4184 est
983 4125 1020 4183 et
1052 4108 1305 4183 molestissima
1337 4112 1518 4184 correctio
1549 4107 1719 4210 lapsuum
1746 4107 1874 4183 calami
1902 4114 1966 4213 qui

379 4265 423 4314 ea
446 4242 485 4312 in
505 4263 545 4312 re
568 4241 629 4312 vix
652 4241 846 4314 evitantur.
894 4235 1070 4312 Ceterum
1096 4239 1205 4310 etiam
1231 4234 1333 4309 nulla
1359 4239 1504 4338 cognita
1529 4233 1653 4309 radice
1678 4239 1861 4339 primitiva
1887 4262 1963 4311 me·

378 4363 516 4440 thodus
535 4361 759 4468 praecedens
778 4362 954 4468 applicari
970 4378 1108 4467 potest,
1129 4362 1249 4455 lactis,
1280 4387 1374 4466 quae
1392 4388 1413 4437 e
1431 4388 1542 4466 supra
1557 4360 1699 4437 traditis
1717 4366 1795 4438 sine
1813 4367 1964 4465 negotio

377 4517 417 4567 se
443 4492 620 4582 offerunt,
650 4492 927 4566 mutationibus.

518 4616 580 4693 Ad
605 4617 719 4692 finem
746 4616 862 4692 adieci
887 4617 1032 4692 tabulas
1059 4614 1104 4690 ad
1127 4613 1301 4690 modulos
1316 4619 1543 4719 pertinentes
1561 4621 1644 4720 ipso
1664 4641 1734 4690 1000
1754 4616 1960 4706 inferiores,

380 4750 445 4850 qui
470 4772 711 4821 numerorum
731 4757 938 4847 primorum
960 4758 1157 4845 potestates
1187 4759 1284 4818 sunt.
1338 4743 1563 4845 Designante
1595 4747 1693 4818 enim
1718 4770 1745 4815 n
1770 4765 1963 4815 numerum

376 4877 538 4977 primum
569 4879 767 4976 imparem,
802 4889 934 4947 notum
966 4888 1038 4965 est,
1076 4875 1186 4948 etiam
1217 4885 1387 4973 respectu
1417 4868 1560 4945 moduli
1591 4878 1636 4942 n'¹
1664 4863 1807 4943 residua
1839 4872 1963 4943 omnia

1627 4992 1681 5097 [θ]
