4732 6090
1054 392 1296 471 Introductio

683 610 1671 689 iis÷sa÷9÷i÷i÷141÷1÷141=aaa,

386 779 452 882 qui
481 776 719 851 inveniuntur
750 799 770 849 e
801 772 936 848 tabulis
967 799 1077 876 supra
1104 771 1289 867 exhibitis,
1317 767 1506 876 seligendo
1534 782 1649 865 33333,
1686 770 1820 872 quibus
1844 771 1969 873 posito

382 898 439 1009 3²⁸⁹
455 925 500 977 Ξ
518 926 552 975 30
571 898 689 1000 (mod.
703 905 747 1002 p)
775 917 829 976 est
854 903 889 975 η’
915 904 1046 1006 impar.
1093 901 1237 1018 Singuli
1261 904 1408 985 termini
1434 901 1614 1005 aggregati
1639 900 1710 1023 lP³³
1730 919 1780 977 393
1808 894 1971 999 aequalis
2034 918 2038 924 ·

386 1025 615 1135 respondent
639 1028 888 1103 valoribus‘
853 1056 950 1103 n=
969 1054 981 1102 3
988 1051 1050 1122 ,3,
1071 1050 1103 1122 3,
1124 1051 1155 1122 3,
1175 1051 1207 1122 9,
1230 1053 1278 1122 33,
1301 1051 1348 1122 33,
1369 1050 1418 1120 33,
1439 1050 1489 1122 33,
1508 1012 1569 1103 33
1611 1023 1724 1119 Η333,
1754 1050 1837 1098 cum
1859 1026 1970 1098 sinte

385 1183 496 1262 supra
521 1153 664 1231 traditis
692 1168 742 1230 333
769 1159 913 1230 numeri
938 1159 1048 1260 primi
1074 1156 1167 1231 inira
1195 1178 1281 1248 3300,
1311 1181 1472 1259 quorum
1499 1180 1533 1229 30
1561 1152 1664 1230 radix
1688 1154 1901 1273 primitiva
1898 1163 1968 1243 est,

385 1282 566 1377 videmus,
596 1287 627 1360 si
646 1309 773 1359 omnes
791 1282 1064 1358 consideramus
1080 1309 1254 1359 numeros
1271 1287 1412 1393 primos
1430 1268 1524 1393 inira
1541 1268 1629 1376 3300,
1647 1268 1968 1403 probabilitatem,

387 1436 466 1489 3333
493 1436 528 1487 30
553 1408 716 1486 radicem
741 1414 988 1517 primitivam,
1005 1410 1087 1485 fieri
1839 1428 1842 1432 ·

1022 1578 1063 1627 tls
1187 1579 1202 1627 2
1284 1579 1312 1628 il

1011 1661 1455 1753 ,333““333’.

387 1827 533 1898 sivero
560 1819 832 1896 consideramus
858 1820 959 1896 solos
985 1847 1159 1896 numeros
1184 1823 1325 1924 primos
1351 1819 1447 1896 inira
1472 1843 1559 1914 3300,
1589 1845 1749 1922 quorum
1769 1841 1803 1891 3ο
1820 1843 1898 1893 non
1915 1842 1972 1892 re·

386 1947 534 2027 siduum
560 1946 814 2052 quadraticum
839 1964 907 2042 333,
1190 2063 1205 2112 7
1287 2048 1344 2134 ²¹ss

1026 2065 1066 2113 333

1025 2168 1065 2215 333
1105 2126 1376 2236 '’su-U

388 2313 588 2418 quaesere
615 2330 669 2388 333
700 2312 816 2415 dupio
841 2309 1102 2388 antecedentis.
1158 2303 1285 2386 Sil'·
1230 2359 1308 2420 -3-
1342 2325 1380 2386 et
1414 2313 1493 2414 ipse
1533 2325 1588 2384 est
1624 2335 1799 2385 numerus
1834 2310 1975 2412 primus

387 2456 450 2516 aut
474 2442 606 2515 binarii
631 2455 807 2542 potestas,
841 2438 996 2515 babebis
1022 2434 1283 2524 certitudinem,
1307 2440 1422 2541 ipsius
1444 2465 1470 2538 p
1496 2434 1790 2512 non-residuum
1818 2431 1976 2538 quadra·

387 2571 502 2642 ticum
541 2562 810 2668 quodcunque,
853 2563 1037 2641 diversum
1062 2592 1083 2638 a
1113 2610 1155 2625 -
1174 2591 1205 2659 1,
1244 2590 1323 2640 esse
1353 2562 1515 2639 radicem
1545 2566 1779 2670 primitivam.
1835 2560 1876 2638 Si
1902 2553 1973 2672 ΕΞ]

387 2689 550 2795 aequalis
582 2705 637 2764 est
662 2713 817 2763 numero
849 2692 971 2793 primo
1004 2688 1249 2795 multiplicato
1281 2717 1351 2793 per
1382 2693 1495 2794 ipsius
1527 2713 1544 2764 3
1574 2705 1797 2794 potestatem
1822 2684 1875 2783 a',
1909 2713 1975 2769 ne·

389 2843 463 2923 quc
487 2843 559 2922 pro
586 2813 674 2891 dato
700 2813 955 2892 non-residuo
983 2813 1198 2919 quadratico
1225 2843 1250 2890 a
1275 2814 1434 2892 habetur

963 2967 1016 3047 α’*
1037 2994 1083 3047 Ξ
1104 3016 1144 3030 -
1161 2996 1174 3046 1
1204 2967 1324 3070 (mod.
1341 2975 1399 3074 ρ),

388 3143 490 3204 certo
518 3128 588 3202 erit
612 3153 639 3201 o
664 3123 768 3201 radix
798 3127 997 3229 primitiva.
1053 3124 1153 3202 Casu
1179 3153 1256 3230 quo
1283 3151 1400 3229 p-1
1426 3152 1496 3230 per
1520 3149 1538 3201 3
1566 3123 1757 3205 divisibilis
1783 3141 1851 3218 333,
1885 3152 1976 3230 pro·

386 3254 630 3347 habilitatem,
660 3280 685 3326 α
711 3278 788 3328 3333
815 3251 976 3327 radicem
1002 3255 1239 3357 primitivam,
1269 3251 1390 3329 adhuc
1412 3278 1545 3356 augere
1561 3253 1662 3346 licet,
1691 3253 1831 3328 scilicet
1850 3253 1975 3356 per-{-

387 3380 638 3483 multiplicari,
668 3383 699 3452 si
725 3383 906 3456 evitantur
930 3382 1044 3483 ipsius
1062 3408 1088 3454 a
1112 3380 1270 3474 valores,
1301 3384 1366 3483 qui
1381 3397 1468 3456 sunt
1483 3383 1648 3484 ipsiusp
1670 3379 1816 3463 'residua
1839 3380 1977 3455 cubica

388 3506 506 3585 Cuius
530 3509 585 3580 rei
611 3508 754 3580 criteria
780 3532 850 3608 pro
877 3534 903 3579 a
920 3539 966 3576 =
986 3529 1017 3599 3,
1039 3530 1070 3601 3,
1091 3530 1122 3600 3,
1144 3527 1175 3601 7,
1197 3532 1245 3601 33,
1268 3527 1386 3603 33,,33,
1410 3530 1456 3600 39,
1477 3531 1527 3602 33,
1548 3530 1598 3601 39,
1618 3530 1668 3601 33,
1690 3527 1725 3584 st
1751 3511 1790 3581 in
1815 3505 1980 3584 secundo

388 3634 587 3710 Volumina
612 3632 739 3707 Diorii
765 3631 943 3708 Crsllioni
964 3660 1027 3737 pg.
1037 3637 1085 3706 68
1112 3634 1204 3708 olim
1230 3632 1392 3738 prodidi.
1436 3632 1645 3711 Commode
1672 3659 1801 3736 ex..gr.
1822 3632 1980 3736 eligetur

387 3760 493 3838 valor
523 3780 551 3835 o
565 3793 611 3830 =
628 3783 659 3854 3,
703 3755 908 3834 dnmmodo
941 3786 1116 3836 numerus
1148 3765 1289 3865 primus
1317 3790 1344 3864 p
1376 3776 1456 3837 non
1488 3761 1615 3838 valore
1647 3756 1803 3864 gaudeat
1833 3760 1977 3837 formae

387 3887 459 3965 ΑΛ
472 3887 655 3982 42113133
689 3886 847 3963 aliorum
880 3890 979 3963 enim
1013 3890 1180 3963 omnium
1211 3891 1280 3965 erit
1312 3885 1608 3964 non-residuum
1634 3889 1819 3981 cubicum.
1872 3887 1977 3965 Infra

389 4037 462 4091 3300
492 4018 729 4090 inveniuntur
761 4018 905 4090 numeri
936 4019 1065 4120 primi,
1102 4042 1263 4119 quorum
1290 4040 1324 4091 30
1357 4015 1486 4120 neque'
1505 4013 1694 4109 residuum
1721 4012 1977 4118 quadraticum

388 4120 512 4245 neque
541 4139 729 4216 residuum
755 4143 927 4217 cubicum
953 4159 1021 4236 est,
1051 4146 1175 4218 eiectis
1201 4147 1409 4218 enumeris
1435 4146 1576 4247 primis,
1612 4168 1772 4247 quorum
1804 4167 1846 4217 30.
1872 4168 1975 4218 non·

386 4266 575 4345 residuum
607 4266 859 4371 quadraticum
892 4285 960 4363 est,
995 4273 1147 4375 insuper
1177 4273 1235 4362 iis,
1270 4290 1341 4375 pro
1369 4272 1503 4374 quibus
1529 4269 1687 4346 habetur
1713 4293 1748 4344 30
1763 4292 1808 4344 Ξ
1819 4268 1884 4374 ς’,
1906 4270 1973 4374 g’,

383 4394 471 4500 3¹⁸,
494 4393 580 4499 5⁷³³,
610 4420 770 4497 quorum
795 4400 999 4501 respective
1024 4414 1081 4473 est
1105 4412 1278 4472 numerus
1304 4410 1511 4491 as‚t,1,1;
1547 4423 1623 4500 quo
1654 4396 1753 4472 iacto
1784 4415 1977 4474 remanent

390 4534 457 4615 333,
492 4527 514 4597 'e
537 4522 683 4624 quibus
715 4537 801 4598 sunt
827 4541 861 4598 36
887 4527 962 4602 sire
987 4540 1132 4602 tantum
1156 4550 1242 4628 pars
1267 4522 1420 4611 33333333,
1452 4540 1613 4628 quonam
1640 4547 1674 4599 33
1698 4548 1778 4600 non
1799 4522 1846 4599 'fit
1869 4523 1977 4602 radix

388 4650 588 4754 primitiva.
1608 4682 1612 4689 ¹

530 4773 606 4853 Sed
641 4780 791 4853 missum
824 4777 917 4853 iacta
952 4781 1253 4872 examinatione,
1277 4804 1439 4882 quonam
1470 4775 1804 4881 modo..agendnm
1834 4781 1918 4872 sit„
1933 4796 1979 4858 ut

390 4918 454 4980 aut
482 4921 622 4980 certum
659 4922 721 4981 aut
751 4904 858 4981 valde
885 4906 1080 5010 probabile
1106 4902 1297 4999 reddatur,
1330 4931 1523 4981 numerum
1549 4933 1575 4980 a
1601 4903 1865 4995 333-3333333333
1884 4909 1977 5014 ¹pri.
